@Manual{esp32manual,
	title = 	 {ESP32-C3 Series Datasheet},
	organization = {Espressif Systems},
	year = 	 {2023},
	url = 	 {https://www.espressif.com/sites/default/files/documentation/esp32-c3_datasheet_en.pdf}
}

@Manual{espressif,
	title = 	 {ESP-IDF Programming Guide},
	organization = {Espressif Systems},
	year = 	 {2023},
	url = 	 {https://docs.espressif.com/projects/esp-idf/en/v5.0/esp32c3/index.html}
}

@Article{ble_article,
	title = {Bluetooth Low Energy (BLE): A Complete Guide},
	year = {2022},
	author = {Mohammad Afaneh},
	url = {https://novelbits.io/bluetooth-low-energy-ble-complete-guide}
}

@Article{what_is_iot,
	title = {What Are IoT Devices},
	year = {2022},
	author = {Mohammad Afaneh},
	url = {https://www.simplilearn.com/iot-devices-article}
}

@Manual{nrfapp,
	title = {nRF Connect for Mobile},
	year = {2023},
	organization = {Nordic Semiconductor},
	url = {https://www.nordicsemi.com/Products/Development-tools/nRF-Connect-for-mobile}
}

@Article{blevsbluetooth,
	title = {Bluetooth vs. Bluetooth Low Energy},
	year = {2021},
	author = {Bob Proctor},
	url = {https://www.link-labs.com/blog/bluetooth-vs-bluetooth-low-energy}
}

@Article{ble_profiles,
	title = {BLE profiles, services, characteristics, device roles and network topology},
	year = {2022},
	author = {Embedded Centric},
	url = {https://embeddedcentric.com/lesson-2-ble-profiles-services-characteristics-device-roles-and-network-topology/}
}

@Article{rasp_pi_esp,
	title = {Top 25 IoT Development Boards},
	year = {2021},
	url = {https://www.intuz.com/guide-on-top-iot-development-boards}
}

@Article{rasp_pi,
	title = {Top 10 development boards for IoT},
	year = {2022},
	author = {Cabe Atwell},
	url = {https://www.electronicproducts.com/top-10-development-boards-for-iot/}
}

@Article{blevsbt,
	title = {ESP32 – Bluetooth Classic vs Bluetooth Low Energy (BLE)},
	year = {2022},
	author = {Linux Hint},
	url = {https://linuxhint.com/bluetooth-classic-bluetooth-low-energy-esp32/}
}

@Article{limit_bt,
	title = {Limitations of BLE in smart home},
	year = {2017},
	author = {Developex},
	url = {https://developex.com/blog/limitations-of-ble-in-smart-home/}
}

@Article{rssi,
	title = {Understanding RSSI},
	author = {Metageek},
	url = {https://metageek-mix.netlify.app/training/resources/understanding-rssi.html}
}

@Article{ble_profile_char,
	title = {Getting Started with ESP32 Bluetooth Low Energy (BLE) on Arduino IDE},
	author = {Random Nerd Tutorials},
	url = {https://randomnerdtutorials.com/esp32-bluetooth-low-energy-ble-arduino-ide/}
}

@Article{bluetooth_ofisl,
	title = {Bluetooth},
	author = {2023},
	url = {https://www.bluetooth.com/}
}

@Article{bluedroid,
	title = {What is…BlueDroid?},
	author = {Alun Williams},
	year = {2014}, 
	url = {https://www.electronicsweekly.com/blogs/eyes-on-android/what-is/what-is-bluedroid-2014-01/}
}

@Manual{esp32_bt,
	title = {ESP32 Bluetooth Architecture}, 
	author = {Espressif},
	year = {2019},
	url = {https://www.espressif.com/sites/default/files/documentation/esp32_bluetooth_architecture_en.pdf}
}

@Manual{esp_bt_api,
	title = {Bluetooth API}, 
	author = {Espressif},
	year = {2022},
	url = {https://docs.espressif.com/projects/esp-idf/en/latest/esp32/api-reference/bluetooth/index.html}
}

@Manual{esp_faq,
	title = {ESP32 FAQ}, 
	author = {Espressif},
	url = {https://espressif-docs.readthedocs-hosted.com/projects/espressif-esp-faq/en/latest/software-framework/ble-bt.html}
}